@article{doe2023,
  title = {Advances in Reproducible Document Generation},
  author = {Doe, Jane and Johnson, Robert},
  journal = {Journal of Data Science},
  year = {2023},
  volume = {15},
  number = {3},
  pages = {245--267},
  doi = {10.1000/jds.2023.15.3.245}
}

@book{smith2023,
  title = {Modern Scientific Publishing: Tools and Techniques},
  author = {Smith, John A.},
  publisher = {Academic Press},
  year = {2023},
  address = {Boston, MA},
  edition = {2nd},
  isbn = {978-0-12-345678-9}
}

@misc{quarto2023,
  title = {Quarto: An Open-Source Scientific and Technical Publishing System},
  author = {{Posit Team}},
  year = {2023},
  url = {https://quarto.org},
  note = {Accessed: 2023-12-01}
}
